<record><leader>00000cas a2200000 a 4500</leader><controlfield tag="001">36136912</controlfield><controlfield tag="008">961227d18uu190umiuwr n       0    0eng c</controlfield><datafield ind1=" " ind2=" " tag="010"><subfield code="a">sn 96077410 </subfield></datafield><datafield ind1=" " ind2=" " tag="040"><subfield code="a">MHN</subfield><subfield code="b">eng</subfield><subfield code="c">MHN</subfield><subfield code="d">OCL</subfield><subfield code="d">OCLCQ</subfield><subfield code="d">OCLCF</subfield><subfield code="d">OCLCO</subfield></datafield><datafield ind1="1" ind2=" " tag="029"><subfield code="a">AU@</subfield><subfield code="b">000013023174</subfield></datafield><datafield ind1=" " ind2=" " tag="042"><subfield code="a">pcc</subfield></datafield><datafield ind1=" " ind2=" " tag="043"><subfield code="a">n-us-mi</subfield></datafield><datafield ind1="0" ind2=" " tag="130"><subfield code="a">Independent Democrat (Petoskey, Mich.)</subfield></datafield><datafield ind1="1" ind2="4" tag="245"><subfield code="a">The independent Democrat.</subfield></datafield><datafield ind1=" " ind2=" " tag="260"><subfield code="a">Petoskey, Mich. :</subfield><subfield code="b">Chas. S. Hampton</subfield></datafield><datafield ind1=" " ind2=" " tag="300"><subfield code="a">v.</subfield></datafield><datafield ind1=" " ind2=" " tag="310"><subfield code="a">Weekly</subfield></datafield><datafield ind1=" " ind2=" " tag="515"><subfield code="a">Whole number designation dropped: May 17, 1901.</subfield></datafield><datafield ind1=" " ind2=" " tag="580"><subfield code="a">Continues: Emmet County Democrat?</subfield></datafield><datafield ind1=" " ind2=" " tag="580"><subfield code="a">Continued by: Petoskey independent?</subfield></datafield><datafield ind1=" " ind2=" " tag="588"><subfield code="a">Description based on: Vol. 20, no. 9 (June 1, 1894) = whole no. 993.</subfield></datafield><datafield ind1=" " ind2="0" tag="651"><subfield code="a">Petoskey (Mich.)</subfield><subfield code="v">Newspapers.</subfield></datafield><datafield ind1=" " ind2="0" tag="651"><subfield code="a">Emmet County (Mich.)</subfield><subfield code="v">Newspapers.</subfield></datafield><datafield ind1=" " ind2="7" tag="655"><subfield code="a">Newspapers.</subfield><subfield code="2">fast</subfield><subfield code="0">(OCoLC)fst01423814</subfield></datafield><datafield ind1=" " ind2="7" tag="651"><subfield code="a">Michigan</subfield><subfield code="z">Emmet County.</subfield><subfield code="2">fast</subfield><subfield code="0">(OCoLC)fst01216498</subfield></datafield><datafield ind1=" " ind2="7" tag="651"><subfield code="a">Michigan</subfield><subfield code="z">Petoskey.</subfield><subfield code="2">fast</subfield><subfield code="0">(OCoLC)fst01233358</subfield></datafield><datafield ind1=" " ind2=" " tag="752"><subfield code="a">United States</subfield><subfield code="b">Michigan</subfield><subfield code="c">Emmet</subfield><subfield code="d">Petoskey.</subfield></datafield><datafield ind1="1" ind2="0" tag="780"><subfield code="t">Emmet County Democrat</subfield><subfield code="w">(DLC)sn 96077409</subfield><subfield code="w">(OCoLC)36137467</subfield></datafield><datafield ind1="1" ind2="0" tag="785"><subfield code="t">Petoskey independent</subfield><subfield code="w">(DLC)sn 96077411</subfield><subfield code="w">(OCoLC)36136892</subfield></datafield></record>